

@Article{Example1,
Author = {Chapados, N. and Bengio, Y.},
    Title ={Cost functions and model combination for VaR-based asset allocation using neural networks},
    Journal ={IEEE Transactions on Neural Networks},
    Year={2001},

    Volume={12},

    Number={4},

    Pages={890-906},

    Doi={10.1109/72.935098}
}

@Article{Example2,
title={Genetic algorithm based deep learning neural network structure and hyperparameter optimization},
  author={Lee, Sanghyeop and Kim, Junyeob and Kang, Hyeon and Kang, Do-Young and Park, Jangsik},
  journal={Applied Sciences},
  volume={11},
  number={2},
  pages={744},
  year={2021},
  publisher={MDPI}
}

@Article{Example3,
Title = {Hyper-parameter tuning techniques in deep learning},
Author = {Nabi, Javaid},
Journal = {Towards Data Science},
Year = {2019},
Address = {https://towardsdatascience.com/hyper-parameter-tuning-techniques-in-deep-learning-4dad592c63c8}
}

@Article{Example4,
Title = {Neural Network and Deep Learning},
Author = {Nielsen, Michael A.},
Journal = {Determination Press},
Year = {2015},
Address = {http://neuralnetworksanddeeplearning.com/}
    
}

@Article{Example5,
title={Hyperparameter optimization of deep neural network using univariate dynamic encoding algorithm for searches}, volume={178}, DOI={10.1016/j.knosys.2019.04.019}, journal={Knowledge-Based Systems}, author={Yoo, YoungJun}, year={2019}, pages={74â€“83}}  
@Article{Example6,
  title={Lessons in neural network training: Overfitting may be harder than expected},
  author={Lawrence, Steve and Giles, C Lee and Tsoi, Ah Chung},
  booktitle={Aaai/iaai},
  pages={540--545},
  year={1997}
}

}


@Article{Example7,
 author={Lambora, Annu and Gupta, Kunal and Chopra, Kriti},

  booktitle={2019 International Conference on Machine Learning, Big Data, Cloud and Parallel Computing (COMITCon)}, 

  title={Genetic Algorithm- A Literature Review}, 

  year={2019},

  volume={},

  number={},

  pages={380-384},

  doi={10.1109/COMITCon.2019.8862255}
}

@Article{Example8,
  title={An optimizing BP neural network algorithm based on genetic algorithm},
  author={Ding, Shifei and Su, Chunyang and Yu, Junzhao},
  journal={Artificial intelligence review},
  volume={36},
  pages={153--162},
  year={2011},
  publisher={Springer}
}

}


@Article{Example9,
  author={Leung, F.H.F. and Lam, H.K. and Ling, S.H. and Tam, P.K.S.},

  journal={IEEE Transactions on Neural Networks}, 

  title={Tuning of the structure and parameters of a neural network using an improved genetic algorithm}, 

  year={2003},

  volume={14},

  number={1},

  pages={79-88},

  doi={10.1109/TNN.2002.804317}}

}

}

}
